@misc{pne,
  title={Plano Nacional de Educação},
  author={PNE},
  note={http://pne.mec.gov.br/}
}

@misc{ie,
  title={Centro de Referências em Educação Integral},
  author={Educação Integral},
  note={https://educacaointegral.org.br/reportagens/o-impacto-do-teto-de-gastos-sobre-as-politicas-de-educacao/}
}

@article{ec95,
  title={Com a PEC 241/55 (EC 95) haverá prioridade para cumprir as metas do PNE (2014-2024)?},
  author={Amaral, N. C.},
  journal={Revista Brasileira de Educação},
  year={2017}
}

